@book{spanier66algebraic,
	Author = {Edwin H. Spanier},
	Publisher = {Springer New York},
	Title = {Algebraic Topology},
	Year = {1966}}

@book{munkres84elements,
	Author = {James R. Munkres},
	Publisher = {Addison-Wesley Publishing Company},
	Title = {Elements of Algebraic Topology},
	Year = {1984}}

@article{julian83alexander,
	Author = {William Julian and Ray Mines and Fred Richman},
	Journal = {Pacific J. Math},
	Number = {1},
	Pages = {115--127},
	Title = {Alexander Duality},
	Volume = {106},
	Year = {1983}}

@inproceedings{lewis15parallel,
	Author = {Ryan H. Lewis and Dmitriy Morozov},
	Booktitle = {Proceedings of the Annual Symposium on Parallelism in Algorithms and Architectures},
	Date-Added = {2016-06-29 15:57:44 +0000},
	Date-Modified = {2016-06-29 15:57:44 +0000},
	Pages = {323--331},
	Title = {Parallel Computation of Persistent Homology using the Blowup Complex},
	Year = {2015}}

@article{zomorodian08localized,
	Author = {Afra Zomorodian and Gunnar Carlsson},
	Date-Added = {2016-06-29 15:55:52 +0000},
	Date-Modified = {2016-06-29 15:55:52 +0000},
	Journal = {Computational Geometry: Theory and Applications},
	Keywords = {Persistence},
	Number = {3},
	Pages = {126--148},
	Title = {Localized Homology},
	Volume = {41},
	Year = {2008}}

@article{niyogi08finding,
	Author = {Partha Niyogi and Stephen Smale and Shmuel Weinberger},
	Date-Added = {2015-02-19 03:11:39 +0000},
	Date-Modified = {2015-02-19 03:11:39 +0000},
	Journal = {Discrete \& Computational Geometry},
	Keywords = {Persistence},
	Number = {1-3},
	Pages = {419-441},
	Title = {Finding the Homology of Submanifolds with High Confidence from Random Samples},
	Volume = {39},
	Year = {2008}}

@article{niyogi11topological,
	Author = {Partha Niyogi and Stephen Smale and Shmuel Weinberger},
	Date-Added = {2015-02-19 03:11:39 +0000},
	Date-Modified = {2015-02-19 03:11:39 +0000},
	Journal = {{SIAM} J. Comput.},
	Number = {3},
	Pages = {646--663},
	Title = {A Topological View of Unsupervised Learning from Noisy Data},
	Volume = {40},
	Year = {2011},
	Bdsk-Url-1 = {http://dx.doi.org/10.1137/090762932}}

@book{hatcher01,
	Author = {Allen Hatcher},
	Date-Added = {2015-02-19 02:40:20 +0000},
	Date-Modified = {2015-02-19 02:40:20 +0000},
	Publisher = {Cambridge University Press},
	Title = {Algebraic Topology},
	Year = {2001}}

@misc{akyildiz02survey,
	Author = {Lan F. Akyildiz and Welljan Su and Yogesh Sankarasubramaniam and Erdal Cayirci},
	Title = {A Survey on Sensor Networks},
	Year = {2002}}

@inproceedings{chazal05weak,
	Author = {Fr{\'e}d{\'e}ric Chazal and Andr{\'e} Lieutier},
	Booktitle = {Proceedings of the 21st {ACM} Symposium on Computational Geometry},
	Date-Added = {2010-06-04 11:10:42 -0400},
	Date-Modified = {2011-07-27 02:44:46 -0400},
	Keywords = {Homology Inference and Persistence},
	Pages = {255--262},
	Title = {Weak Feature Size and Persistent Homology: Computing Homology of Solids in ${R}^n$ from Noisy Data Samples},
	Year = {2005}}

@inproceedings{chazal06sampling,
	Acmid = {1137904},
	Address = {New York, NY, USA},
	Author = {Fr{\'e}d{\'e}ric Chazal and David Cohen-Steiner and Andr{\'e} Lieutier},
	Booktitle = {Proceedings of the Twenty-second Annual Symposium on Computational Geometry},
	Doi = {10.1145/1137856.1137904},
	Isbn = {1-59593-340-9},
	Keywords = {distance function, sampling, surface and manifold reconstruction},
	Location = {Sedona, Arizona, USA},
	Numpages = {8},
	Pages = {319--326},
	Publisher = {ACM},
	Series = {SCG '06},
	Title = {A Sampling Theory for Compact Sets in Euclidean Space},
	Url = {http://doi.acm.org/10.1145/1137856.1137904},
	Year = {2006},
	Bdsk-Url-1 = {http://doi.acm.org/10.1145/1137856.1137904},
	Bdsk-Url-2 = {http://dx.doi.org/10.1145/1137856.1137904}}

@inproceedings{chazal08towards,
	Acmid = {1377719},
	Address = {New York, NY, USA},
	Author = {Chazal, Fr{\'e}d{\'e}ric and Oudot, Steve Yann},
	Booktitle = {Proceedings of the Twenty-fourth Annual Symposium on Computational Geometry},
	Doi = {10.1145/1377676.1377719},
	Isbn = {978-1-60558-071-5},
	Keywords = {cech complex, filtration, manifold reconstruction, persistent homology, rips complex, witness complex},
	Location = {College Park, MD, USA},
	Numpages = {10},
	Pages = {232--241},
	Publisher = {ACM},
	Series = {SCG '08},
	Title = {Towards Persistence-based Reconstruction in Euclidean Spaces},
	Url = {http://doi.acm.org/10.1145/1377676.1377719},
	Year = {2008},
	Bdsk-Url-1 = {http://doi.acm.org/10.1145/1377676.1377719},
	Bdsk-Url-2 = {http://dx.doi.org/10.1145/1377676.1377719}}

@inproceedings{chazal09analysis,
	Author = {F. Chazal and L. J. Guibas and S. Y. Oudot and P. Skraba},
	Booktitle = {Proc. 19th ACM-SIAM Sympos. on Discrete Algorithms},
	Pages = {1021--1030},
	Title = {Analysis of Scalar Fields over Point Cloud Data},
	Year = {2009}}

@article{chazal09sampling,
	Author = {Chazal, Fr{\'e}d{\'e}ric and Cohen-Steiner, David and Lieutier, Andr{\'e}},
	Journal = {Discrete \& Computational Geometry},
	Number = {3},
	Pages = {461--479},
	Publisher = {Springer},
	Title = {A sampling theory for compact sets in Euclidean space},
	Volume = {41},
	Year = {2009}}

@article{chazal11scalar,
	Author = {Fr{\'e}d{\'e}ric Chazal and Leonidas J. Guibas and Steve Y. Oudot and Primoz Skraba},
	Journal = {Discrete {\&} Computational Geometry},
	Number = {4},
	Pages = {743--775},
	Title = {Scalar Field Analysis over Point Cloud Data},
	Volume = {46},
	Year = {2011}}

@article{chazal13persistence,
	Author = {Fr{\'e}d{\'e}ric Chazal Chazal and Leonidas J. Guibas and Steve Y. Oudot and Primoz Skraba},
	Journal = {J. {ACM}},
	Number = {6:41},
	Pages = {97--106},
	Title = {Persistence-Based Clustering in Riemannian Manifolds},
	Volume = {60},
	Year = {2013}}

@inproceedings{ghrist05coverage,
	Author = {Robert Ghrist and Abubakr Muhammad},
	Booktitle = {Fourth International Conference on Information Processing in Sensor Networks (IPSN'05), UCLA},
	Pages = {254--260},
	Title = {Coverage and Hole-detection in Sensor Networks via Homology},
	Year = {2005}}

@article{desilva06coordinate,
	Author = {Vin De Silva and Robert Ghrist},
	Journal = {International Journal of Robotics Research},
	Pages = {1205--1222},
	Title = {Coordinate-free Coverage in Sensor Networks with Controlled Boundaries via Homology},
	Volume = {25},
	Year = {2006}}

@article{desilva07homological,
	Author = {Vin de Silva and Robert Ghrist},
	Journal = {Notices Amer. Math. Soc.},
	Keywords = {Persistence},
	Number = {1},
	Pages = {10--17},
	Title = {Homological Sensor Networks},
	Volume = {54},
	Year = {2007}}

@article{desilva07coverage,
	Author = {Vin de Silva and Robert Ghrist},
	Journal = {Algebraic \& Geometric Topology},
	Keywords = {Persistence},
	Pages = {339--358},
	Title = {Coverage in Sensor Networks via Persistent Homology},
	Volume = {7},
	Year = {2007}}

@article{tahbaz10distributed,
	Author = {Alireza Tahbaz-Salehi and Ali Jadbabaie},
	Journal = {Automatic Control, IEEE Transactions on},
	Pages = {1837--1849},
	Title = {Distributed Coverage Verification in Sensor Networks Without Location Information},
	Volume = {55},
	Year = {2010}}

@article{gao11geometric,
	Author = {Gao, Jie and Guibas, Leonidas},
	Doi = {10.1098/rsta.2011.0215},
	Isbn = {1471-2962},
	Issn = {1364-503X},
	Journal = {Philosophical Transactions of the Royal Society of London A: Mathematical, Physical and Engineering Sciences},
	Number = {1958},
	Pages = {27--51},
	Publisher = {The Royal Society},
	Title = {Geometric algorithms for sensor networks},
	Volume = {370},
	Year = {2011},
	Bdsk-Url-1 = {http://dx.doi.org/10.1098/rsta.2011.0215}}

@article{dlotko12distributed,
	Author = {Pawe{\l} D{\l}otko and Robert Ghrist and Mateusz Juda and Marian Mr{\'o}zek},
	Date-Modified = {2015-02-19 03:10:46 +0000},
	Doi = {10.1007/s00200-012-0167-7},
	Journal = {Applicable Algebra in Engineering, Communication and Computing},
	Pages = {29--58},
	Publisher = {Springer-Verlag},
	Title = {Distributed computation of coverage in sensor networks by homological methods},
	Volume = {23},
	Year = {2012},
	Bdsk-Url-1 = {http://dx.doi.org/10.1007/s00200-012-0167-7}}

@article{munch12failure,
	Author = {Elizabeth Munch and Michael Shapiro and John Harer},
	Date-Added = {2012-05-07 20:51:32 +0200},
	Date-Modified = {2012-05-07 20:52:33 +0200},
	Journal = {International Journal of Robotics Research},
	Title = {Failure Filtrations for Fenced Sensor Networks},
	Year = {2012}}

@article{gamble12applied,
	Author = {Jennifer Gamble, Harish Chintakunta, and Hamid Krim},
	Journal = {Signal Processing and Communications (SPCOM), 2012 International Conference},
	Pages = {1--5},
	Title = {Applied Topology in Static and Dynamic Sensor Networks},
	Year = {2011}}

@article{gamble14coordinate,
	Author = {Jennifer Gamble and Harish Chintakunta and Hamid Krim},
	Date-Added = {2015-01-10 03:02:59 +0000},
	Date-Modified = {2015-01-12 20:30:55 +0000},
	Journal = {CoRR},
	Title = {Coordinate-Free Quantification of Coverage in Dynamic Sensor Networks},
	Url = {http://arxiv.org/abs/1411.7337},
	Volume = {abs/1411.7337},
	Year = {2014},
	Bdsk-Url-1 = {http://arxiv.org/abs/1411.7337}}

@article{adams13evasion,
	Author = {Henry Adams and Gunnar Carlsson},
	Journal = {International Journal of Robotics Research 34 (2014)},
	Pages = {90--104},
	Title = {Evasion Paths in Mobile Sensor Networks},
	Year = {2013}}

@inproceedings{grove93critical,
	Author = {Karsten Grove},
	Booktitle = {Proceedings of the Symposia in Pure Mathematics},
	Date-Added = {2015-07-03 17:49:31 +0000},
	Date-Modified = {2015-07-03 17:50:46 +0000},
	Title = {Critical point theory for distance functions},
	Volume = {54},
	Year = {1993}}

@inproceedings{cavanna2017when,
    title={When and Why the Topological Coverage Criterion Works},
    author={Nicholas J. Cavanna and Kirk P. Gardner and Don Sheehy},
    booktitle={SODA},
    year={2017}
}

@Article{cohensteiner07stability,
    author="Cohen-Steiner, David
    and Edelsbrunner, Herbert
    and Harer, John",
    title="Stability of Persistence Diagrams",
    journal="Discrete {\&} Computational Geometry",
    year="2007",
    month="Jan",
    day="01",
    volume="37",
    number="1",
    pages="103--120",
    abstract="The persistence diagram of a real-valued function on a topological space is a multiset of points in the extended plane. We prove that under mild assumptions on the function, the persistence diagram is stable:  small changes in the function imply only small changes in the diagram. We apply this result to estimating the homology of sets in a metric space and to comparing and classifying geometric shapes.",
    issn="1432-0444",
    doi="10.1007/s00454-006-1276-5",
    url="https://doi.org/10.1007/s00454-006-1276-5"
}

@inproceedings{chazal09proximity,
    author = {Chazal, Fr{\'e}d{\'e}ric and Cohen-Steiner, David and Glisse, Marc and Guibas, Leonidas J. and Oudot, Steve Y.},
    title = {Proximity of Persistence Modules and Their Diagrams},
    booktitle = {Proceedings of the Twenty-fifth Annual Symposium on Computational Geometry},
    series = {SCG '09},
    year = {2009},
    isbn = {978-1-60558-501-7},
    location = {Aarhus, Denmark},
    pages = {237--246},
    numpages = {10},
    url = {http://doi.acm.org/10.1145/1542362.1542407},
    doi = {10.1145/1542362.1542407},
    acmid = {1542407},
    publisher = {ACM},
    address = {New York, NY, USA},
    keywords = {discretization, persistence diagram, stability, topological data analysis, topological persistence},
}

@Article{edelsbrunner02simplification,
	author="Edelsbrunner
	and Letscher
	and Zomorodian",
	title="Topological Persistence and Simplification",
	journal="Discrete {\&} Computational Geometry",
	year="2002",
	month="Nov",
	day="01",
	volume="28",
	number="4",
	pages="511--533",
	abstract="We formalize a notion of topological simplification within the framework of a filtration, which is the history of a growing complex. We classify a topological change that happens during growth as either a feature or noise depending on its lifetime or persistence within the filtration. We give fast algorithms for computing persistence and experimental evidence for their speed and utility.",
	issn="1432-0444",
	doi="10.1007/s00454-002-2885-2",
	url="https://doi.org/10.1007/s00454-002-2885-2"
}

@misc{palser2019excision,
    title={An Excision Theorem for Persistent Homology},
    author={Megan Palser},
    year={2019},
    eprint={1910.03348},
    archivePrefix={arXiv},
    primaryClass={math.AT}
}

@Article{zomorodian05computing,
	author="Zomorodian, Afra
	and Carlsson, Gunnar",
	title="Computing Persistent Homology",
	journal="Discrete {\&} Computational Geometry",
	year="2005",
	month="Feb",
	day="01",
	volume="33",
	number="2",
	pages="249--274",
	abstract="We show that the persistent homology of a filtered d-dimensionalsimplicial complex is simply the standard homology of a particular graded module over a polynomial ring.Our analysis establishes the existence of a simple description ofpersistent homology groups over arbitrary fields.It also enables us to derive a naturalalgorithm for computing persistent homology of spaces in arbitrary dimension over any field.This result generalizes and extends the previously knownalgorithm that was restricted to subcomplexes of S3 andZ2 coefficients.Finally, our study implies the lack of a simple classification over non-fields.Instead, we give an algorithm for computing individualpersistent homology groups over an arbitrary principal ideal domain in any dimension.",
	issn="1432-0444",
	doi="10.1007/s00454-004-1146-y",
	url="https://doi.org/10.1007/s00454-004-1146-y"
}

@inproceedings{skraba14approximating,
	author = {Skraba, Primoz and Wang, Bei},
	title = {Approximating Local Homology from Samples},
	booktitle = {Proceedings of the Twenty-fifth Annual ACM-SIAM Symposium on Discrete Algorithms},
	series = {SODA '14},
	year = {2014},
	isbn = {978-1-611973-38-9},
	location = {Portland, Oregon},
	pages = {174--192},
	numpages = {19},
	url = {http://dl.acm.org/citation.cfm?id=2634074.2634087},
	acmid = {2634087},
	publisher = {Society for Industrial and Applied Mathematics},
	address = {Philadelphia, PA, USA},
}
